<?xml version="1.0" encoding="UTF-8"?><record xmlns="http://www.loc.gov/MARC21/slim" xmlns:cinclude="http://apache.org/cocoon/include/1.0" xmlns:zs="http://www.loc.gov/zing/srw/">
  <leader>00674cz  a2200145n  4500</leader>
  <controlfield tag="001">n  50031394 </controlfield>
  <controlfield tag="003">DLC</controlfield>
  <controlfield tag="005">20090215075213.0</controlfield>
  <controlfield tag="008">800825n| acannaabn          |a ana      </controlfield>
  <datafield tag="010" ind1=" " ind2=" ">
    <subfield code="a">n  50031394 </subfield>
  </datafield>
  <datafield tag="035" ind1=" " ind2=" ">
    <subfield code="a">(OCoLC)oca00066755</subfield>
  </datafield>
  <datafield tag="040" ind1=" " ind2=" ">
    <subfield code="a">DLC</subfield>
    <subfield code="b">eng</subfield>
    <subfield code="c">DLC</subfield>
    <subfield code="d">DLC</subfield>
    <subfield code="d">OCoLC</subfield>
    <subfield code="d">DLC</subfield>
    <subfield code="d">OCoLC</subfield>
  </datafield>
  <datafield tag="110" ind1="2" ind2=" ">
    <subfield code="a">Universität Heidelberg.</subfield>
    <subfield code="b">Medizinische Fakultät</subfield>
  </datafield>
  <datafield tag="510" ind1="2" ind2=" ">
    <subfield code="w">b</subfield>
    <subfield code="a">Universität Heidelberg.</subfield>
    <subfield code="b">Fakultät für Naturwissenschaftliche Medizin</subfield>
  </datafield>
  <datafield tag="670" ind1=" " ind2=" ">
    <subfield code="a">600 Jahre Ruprecht-Karls-Universität ... c1986:</subfield>
    <subfield code="b">p. 47 (Medizinische Fakultät der Univ. Heidelb. no longer exists; since 1969 it has been included with 5 other faculties under: Fakultät für Naturwissenschaftliche Medizin)</subfield>
  </datafield>
</record>